@manual{anleitung16,
  author = {TU Dortmund},
  title = {Versuchsanleitung zu Versuch 16: Rutherford-Streuung},
  url = {http://129.217.224.2/HOMEPAGE/PHYSIKER/BACHELOR/FP/SKRIPT/Rutherford.pdf},
  urldate = {2017-05-21}
}

@manual{anleitung28,
  author = {TU Dortmund},
  title = {Versuchsanleitung zu Versuch 28: Elektronenspin-Resonanz},
  url = {http://129.217.224.2/HOMEPAGE/PHYSIKER/BACHELOR/FP/SKRIPT/ESR.pdf},
  urldate = {2017-06-12}
}

@book{formelsammlung,
  author = {Matthias Felsch and Dr. Wolfgang Kricke and Karlheinz Martin and Wolfgang Pfeil and Dr. Rolf Winter and Willi Wörstenfeld},
  title = {Das große Tafelwerk interaktiv}
}

@article{codata,
    author = {Peter J. Mohr and Barry N. Taylor and David B. Newell},
    title = {CODATA recommended values of the fundamental physical constants},
    year = {2014},
    url = {http://physics.nist.gov/cuu/Constants/}
}

@web{chemie.de,
    title = {CHEMIE.DE},
    url = {http://www.chemie.de}
}

@web{wolframalpha,
    title = {Wolfram|Alpha},
    url = {http://wolframalpha.com}
}
